<?xml version="1.0" encoding="UTF-8"?><collection xmlns="http://www.loc.gov/MARC21/slim"><record><leader>00423nam--2200157-i-4500</leader><controlfield tag="001">000012390</controlfield><controlfield tag="002">20161230</controlfield><controlfield tag="005">20170301115445</controlfield><controlfield tag="008">060222s1000------------r-----000-0-eng-d</controlfield><datafield ind1=" " ind2=" " tag="100"><subfield code="a">Brasovan, Ioan</subfield></datafield><datafield ind1=" " ind2=" " tag="245"><subfield code="a">Masurarea marimilor electrice si magnetice. Probleme</subfield></datafield><datafield ind1=" " ind2=" " tag="260"><subfield code="a">Timisoara</subfield><subfield code="b">Editura Facla</subfield><subfield code="c">1978</subfield></datafield><datafield ind1=" " ind2=" " tag="300"><subfield code="a">230 p</subfield></datafield><datafield ind1=" " ind2=" " tag="700"><subfield code="a">Gherman, Gheorghe</subfield></datafield><datafield ind1=" " ind2=" " tag="852"><subfield code="a">621.317:621.3.08</subfield></datafield><datafield ind1=" " ind2=" " tag="CAT"><subfield code="a">SYS</subfield><subfield code="c">20170301</subfield><subfield code="h">115445</subfield></datafield></record></collection>